<?xml version="1.0" encoding="UTF-8"?><collection xmlns="http://www.loc.gov/MARC21/slim"><record><leader>00381nam--2200133-i-4500</leader><controlfield tag="001">000030190</controlfield><controlfield tag="002">20161230</controlfield><controlfield tag="005">20161230201038</controlfield><controlfield tag="008">060222s1000------------r-----000-0-eng-d</controlfield><datafield ind1=" " ind2=" " tag="080"><subfield code="a">57:546.28</subfield></datafield><datafield ind1=" " ind2=" " tag="100"><subfield code="a">Lukevit, E., Voronkov, M.G.Si Zelcian, G.I</subfield></datafield><datafield ind1=" " ind2=" " tag="245"><subfield code="a">Siliciul si viata. (trad.de conf.dr grigore strungaru)</subfield></datafield><datafield ind1=" " ind2=" " tag="260"><subfield code="a">Bucuresti, Ed.Stiintifica, 1974, 337p</subfield></datafield><datafield ind1=" " ind2=" " tag="852"><subfield code="a">40899</subfield></datafield></record></collection>